@inproceedings{4-1,
  author={Choi, Seungjin},
  booktitle={2021 9th International Winter Conference on Brain-Computer Interface (BCI)}, 
  title={Meta-learning: Towards fast adaptation in multi-subject {EEG} classification}, 
  year={2021},
  volume={},
  number={},
  pages={1-1},
  note = {doi:{10.1109/BCI51272.2021.9385289}}}

@article{4-2,
  title={{EEGNet}: {A} compact convolutional neural network for {EEG}-based brain--computer interfaces},
  author={Lawhern, Vernon J and Solon, Amelia J and Waytowich, Nicholas R and Gordon, Stephen M and Hung, Chou P and Lance, Brent J},
  journal={Journal of Neural Engineering},
  volume={15},
  number={5},
  pages={056013},
  year={2018},
  publisher={IOP Publishing}
}


@inproceedings{4-3,
  author={Li, Yunsheng and Yuan, Lu and Chen, Yinpeng and Wang, Pei and Vasconcelos, Nuno},
  booktitle={2021 IEEE/CVF Conference on Computer Vision and Pattern Recognition (CVPR)}, 
  title={Dynamic transfer for multi-source domain adaptation}, 
  year={2021},
  volume={},
  number={},
  pages={10993-11002},
  doi={10.1109/CVPR46437.2021.01085}
}

@ARTICLE{4-4,
  author={Hu, Jie and Shen, Li and Albanie, Samuel and Sun, Gang and Wu, Enhua},
  journal={IEEE Transactions on Pattern Analysis and Machine Intelligence}, 
  title={Squeeze-and-excitation networks}, 
  year={2020},
  volume={42},
  number={8},
  pages={2011-2023},
  doi={10.1109/TPAMI.2019.2913372}}


@INPROCEEDINGS{4-5,
  author={Liang, Jian and Hu, Dapeng and Feng, Jiashi},
  booktitle={2021 IEEE/CVF Conference on Computer Vision and Pattern Recognition (CVPR)}, 
  title={Domain adaptation with auxiliary target domain-oriented classifier}, 
  year={2021},
  volume={},
  number={},
  pages={16627-16637},
  doi={10.1109/CVPR46437.2021.01636}}

@inproceedings{4-6,
  title={Pseudo-label: The simple and efficient semi-supervised learning method for deep neural networks},
  author={Lee, Dong-Hyun and others},
  booktitle={Workshop on Challenges in Representation Learning, ICML},
  volume={3},
  number={2},
  pages={896},
  year={2013}
}

@inproceedings{4-7,
  title={On calibration of modern neural networks},
  author={Guo, Chuan and Pleiss, Geoff and Sun, Yu and Weinberger, Kilian Q},
  booktitle={International Conference on Machine Learning (ICML)},
  pages={1321-1330},
  year={2017},
  organization={PMLR}
}

@INPROCEEDINGS{4-8,
  author={Szegedy, Christian and Vanhoucke, Vincent and Ioffe, Sergey and Shlens, Jon and Wojna, Zbigniew},
  booktitle={2016 IEEE Conference on Computer Vision and Pattern Recognition (CVPR)}, 
  title={Rethinking the inception architecture for computer vision}, 
  year={2016},
  volume={},
  number={},
  pages={2818-2826},
  doi={10.1109/CVPR.2016.308}}

@article{4-9,
  title={In defense of pseudo-labeling: An uncertainty-aware pseudo-label selection framework for semi-supervised learning},
  author={Rizve, Mamshad Nayeem and Duarte, Kevin and Rawat, Yogesh S and Shah, Mubarak},
  journal={arXiv preprint arXiv:2101.06329},
  year={2021}
}


@article{4-10,
  title={{BCI} {C}ompetition 2008--{G}raz data set {A}},
  author={Brunner, Clemens and Leeb, Robert and M{\"u}ller-Putz, Gernot and Schl{\"o}gl, Alois and Pfurtscheller, Gert},
  journal={Institute for Knowledge Discovery (Laboratory of Brain-Computer Interfaces), Graz University of Technology},
  volume={16},
  pages={1-6},
  year={2008}
}

@article{4-11,
  title={Deep learning with convolutional neural networks for {EEG} decoding and visualization},
  author={Schirrmeister, Robin Tibor and Springenberg, Jost Tobias and Fiederer, Lukas Dominique Josef and Glasstetter, Martin and Eggensperger, Katharina and Tangermann, Michael and Hutter, Frank and Burgard, Wolfram and Ball, Tonio},
  journal={Human Brain Mapping},
  volume={38},
  number={11},
  pages={5391-5420},
  year={2017},
  publisher={Wiley Online Library}
}

  
@ARTICLE{4-12,
  author={Kwon, O-Yeon and Lee, Min-Ho and Guan, Cuntai and Lee, Seong-Whan},
  journal={IEEE Transactions on Neural Networks and Learning Systems}, 
  title={Subject-independent brain–computer interfaces based on deep convolutional neural networks}, 
  year={2020},
  volume={31},
  number={10},
  pages={3839-3852},
  doi={10.1109/TNNLS.2019.2946869}}


@article{4-13,
title = {Adaptive transfer learning for {EEG} motor imagery classification with deep convolutional neural network},
journal = {Neural Networks},
volume = {136},
pages = {1-10},
year = {2021},
doi = {https://doi.org/10.1016/j.neunet.2020.12.013},
author = {Kaishuo Zhang and Neethu Robinson and Seong-Whan Lee and Cuntai Guan}
}

@article{4-14,
  title={Principal components analysis (PCA)},
  author={Ma{\'c}kiewicz, Andrzej and Ratajczak, Waldemar},
  journal={Computers \& Geosciences},
  volume={19},
  number={3},
  pages={303-342},
  year={1993},
  publisher={Elsevier}
}

@ARTICLE{4-15,
  author={He, He and Wu, Dongrui},
  journal={IEEE Transactions on Biomedical Engineering}, 
  title={Transfer learning for brain–computer interfaces: {A} euclidean space data alignment approach}, 
  year={2020},
  volume={67},
  number={2},
  pages={399-410},
  doi={10.1109/TBME.2019.2913914}}

@ARTICLE{4-16,
  author={Zhao, He and Zheng, Qingqing and Ma, Kai and Li, Huiqi and Zheng, Yefeng},
  journal={IEEE Transactions on Neural Networks and Learning Systems}, 
  title={Deep representation-based domain adaptation for nonstationary {EEG} classification}, 
  year={2021},
  volume={32},
  number={2},
  pages={535-545},
  doi={10.1109/TNNLS.2020.3010780}}

@article{4-17,
  title={{MS-MDA}: Multisource marginal distribution adaptation for cross-subject and cross-session {EEG} emotion recognition},
  author={Chen, Hao and Jin, Ming and Li, Zhunan and Fan, Cunhang and Li, Jinpeng and He, Huiguang},
  journal={Frontiers in Neuroscience},
  volume={15},
  year={2021},
  pages={778488},
  publisher={Frontiers Media SA}
}  

@INPROCEEDINGS{4-18,
  author={Yu, Chaohui and Wang, Jindong and Chen, Yiqiang and Huang, Meiyu},
  booktitle={2019 IEEE International Conference on Data Mining (ICDM)}, 
  title={Transfer learning with dynamic adversarial adaptation network}, 
  year={2019},
  volume={},
  number={},
  pages={778-786},
  doi={10.1109/ICDM.2019.00088}}


@inproceedings{4-19,
    author = {Long, Mingsheng and Cao, Zhangjie and Wang, Jianmin and Jordan, Michael I.},
    title = {Conditional adversarial domain adaptation},
    year = {2018},
    publisher = {Curran Associates Inc.},
    address = {Red Hook, NY, USA},
    booktitle = {Proceedings of the 32nd International Conference on Neural Information Processing Systems (NIPS)},
    pages = {1647–1657},
    numpages = {11},
    location = {Montr\'{e}al, Canada},
    series = {NIPS'18}
}



@inproceedings{4-20,
  title={Minimum class confusion for versatile domain adaptation},
  author={Jin, Ying and Wang, Ximei and Long, Mingsheng and Wang, Jianmin},
  booktitle={European Conference on Computer Vision (ECCV)},
  pages={464-480},
  year={2020},
  organization={Springer}
}

@ARTICLE{4-21,
  author={Chen, Peiyin and Gao, Zhongke and Yin, Miaomiao and Wu, Jialing and Ma, Kai and Grebogi, Celso},
  journal={IEEE Transactions on Systems, Man, and Cybernetics: Systems}, 
  title={Multiattention adaptation network for motor imagery recognition}, 
  year={2022},
  volume={52},
  number={8},
  pages={5127-5139},
  doi={10.1109/TSMC.2021.3114145}}


@article{4-22,
  title={An enhanced probabilistic {LDA} for multi-class brain computer interface},
  author={Xu, Peng and Yang, Ping and Lei, Xu and Yao, Dezhong},
  journal={PloS One},
  volume={6},
  number={1},
  pages={e14634},
  year={2011},
  publisher={Public Library of Science San Francisco, USA}
}

@article{4-23,
  title={Event-related {EEG/MEG} synchronization and desynchronization: {B}asic principles},
  author={Pfurtscheller, Gert and Da Silva, FH Lopes},
  journal={Clinical Neurophysiology},
  volume={110},
  number={11},
  pages={1842-1857},
  year={1999},
  publisher={Elsevier}
}

@ARTICLE{4-24,
  author={Thomas, Kavitha P. and Guan, Cuntai and Lau, Chiew Tong and Vinod, A. P. and Ang, Kai Keng},
  journal={IEEE Transactions on Biomedical Engineering}, 
  title={A new discriminative common spatial pattern method for motor imagery brain–computer interfaces}, 
  year={2009},
  volume={56},
  number={11},
  pages={2730-2733},
  doi={10.1109/TBME.2009.2026181}}

@article{4-25,
  title={A theory of learning from different domains},
  author={Ben-David, Shai and Blitzer, John and Crammer, Koby and Kulesza, Alex and Pereira, Fernando and Vaughan, Jennifer Wortman},
  journal={Machine Learning},
  volume={79},
  number={1},
  pages={151-175},
  year={2010},
  publisher={Springer}
}

@inproceedings{4-26,
  title={Decaf: A deep convolutional activation feature for generic visual recognition},
  author={Donahue, Jeff and Jia, Yangqing and Vinyals, Oriol and Hoffman, Judy and Zhang, Ning and Tzeng, Eric and Darrell, Trevor},
  booktitle={International Conference on Machine Learning (ICML)},
  pages={647-655},
  year={2014},
  organization={PMLR}
}

@inproceedings{4-27,
      author = {Oliver, Avital and Odena, Augustus and Raffel, Colin and Cubuk, Ekin D. and Goodfellow, Ian J.},
      title = {Realistic evaluation of deep semi-supervised learning algorithms},
      year = {2018},
      publisher = {Curran Associates Inc.},
      address = {Red Hook, NY, USA},
      booktitle = {Proceedings of the 32nd International Conference on Neural Information Processing Systems (NIPS)},
      pages = {3239–3250},
      numpages = {12},
      location = {Montr\'{e}al, Canada},
      series = {NIPS'18}
}

@article{4-28,
  title={Individual comparisons by ranking methods},
  author={Wilcoxon, Frank},
  journal={Biometrics},
  volume={1},
  number={6},
  pages={80-83},
  year={1945}
}

@inproceedings{4-29,
author = {Makeig, Scott and Bell, Anthony J. and Jung, Tzyy-Ping and Sejnowski, Terrence J.},
title = {Independent component analysis of electroencephalographic data},
year = {1995},
publisher = {MIT Press},
address = {Cambridge, MA, USA},
booktitle = {Proceedings of the 8th International Conference on Neural Information Processing Systems (NIPS)},
pages = {145–151},
numpages = {7},
location = {Denver, Colorado},
series = {NIPS'95}
}


@article{3-1,
  title={Adaptive {EEG}-based alertness estimation system by using {ICA}-based fuzzy neural networks},
  author={Lin, Chin-Teng and Ko, Li-Wei and Chung, I-Fang and Huang, Teng-Yi and Chen, Yu-Chieh and Jung, Tzyy-Ping and Liang, Sheng-Fu},
  journal={IEEE Transactions on Circuits and Systems I: Regular Papers},
  volume={53},
  number={11},
  pages={2469-2476},
  year={2006},
  publisher={IEEE}
}

@inproceedings{3-2,
  title={Differential entropy feature for {EEG}-based emotion classification},
  author={Duan, Ruo-Nan and Zhu, Jia-Yi and Lu, Bao-Liang},
  booktitle={2013 6th International IEEE/EMBS Conference on Neural Engineering (NER)},
  pages={81-84},
  year={2013},
  organization={IEEE}
}


@article{3-3,
  title={Learning representations from {EEG} with deep recurrent-convolutional neural networks},
  author={Bashivan, Pouya and Rish, Irina and Yeasin, Mohammed and Codella, Noel},
  journal={arXiv preprint arXiv:1511.06448},
  year={2015}
}

@book{3-4,
  title={Map projections--{A} working manual},
  author={Snyder, John Parr},
  volume={1395},
  year={1987},
  address={Washington, D.C.},
  publisher={US Government Printing Office}
}

@article{3-5,
  title={A trivariate {C}lough—{T}ocher scheme for tetrahedral data},
  author={Alfeld, Peter},
  journal={Computer Aided Geometric Design},
  volume={1},
  number={2},
  pages={169-181},
  year={1984},
  publisher={Elsevier}
}

@article{3-6,
  title={Spectral and temporal feature learning with two-stream neural networks for mental workload assessment},
  author={Zhang, Pengbo and Wang, Xue and Chen, Junfeng and You, Wei and Zhang, Weihang},
  journal={IEEE Transactions on Neural Systems and Rehabilitation Engineering},
  volume={27},
  number={6},
  pages={1149-1159},
  year={2019},
  publisher={IEEE}
}

@inproceedings{3-7,
    title={{PC}-{DARTS}: {P}artial channel connections for memory-efficient architecture search},
    author={Yuhui Xu and Lingxi Xie and Xiaopeng Zhang and Xin Chen and Guo-Jun Qi and Qi Tian and Hongkai Xiong},
    booktitle={International Conference on Learning Representations (ICLR)},
    pages={1-13},
    year={2020}
}

@article{3-8,
  title={A coincidence-filtering-based approach for {CNN}s in {EEG}-based recognition},
  author={Gao, Zhongke and Li, Yanli and Yang, Yuxuan and Dong, Na and Yang, Xiong and Grebogi, Celso},
  journal={IEEE Transactions on Industrial Informatics},
  volume={16},
  number={11},
  pages={7159-7167},
  year={2019},
  publisher={IEEE}
}

@article{3-9,
  title={Darts+: Improved differentiable architecture search with early stopping},
  author={Liang, Hanwen and Zhang, Shifeng and Sun, Jiacheng and He, Xingqiu and Huang, Weiran and Zhuang, Kechen and Li, Zhenguo},
  journal={arXiv preprint arXiv:1909.06035},
  year={2019}
}

@inproceedings{3-10,
  title={Differential entropy feature for {EEG}-based vigilance estimation},
  author={Shi, Li-Chen and Jiao, Ying-Ying and Lu, Bao-Liang},
  booktitle={2013 35th Annual International Conference of the IEEE Engineering in Medicine and Biology Society (EMBC)},
  pages={6627-6630},
  year={2013},
  organization={IEEE}
}


@article{3-11,
  title={Investigating critical frequency bands and channels for {EEG}-based emotion recognition with deep neural networks},
  author={Zheng, Wei-Long and Lu, Bao-Liang},
  journal={IEEE Transactions on Autonomous Mental Development},
  volume={7},
  number={3},
  pages={162-175},
  year={2015},
  publisher={IEEE}
}

@article{3-13,
  title={{3DCANN}: {A} spatio-temporal convolution attention neural network for {EEG} emotion recognition},
  author={Liu, Shuaiqi and Wang, Xu and Zhao, Ling and Li, Bing and Hu, Weiming and Yu, Jie and Zhang, Yudong},
  journal={IEEE Journal of Biomedical and Health Informatics},
  year={2021},
  publisher={IEEE},
  pages={1-11},
  note = {doi:{10.1109/JBHI.2021.3083525}}
}


@article{3-14,
  title={Learning from imbalanced data},
  author={He, Haibo and Garcia, Edwardo A},
  journal={IEEE Transactions on Knowledge and Data Engineering},
  volume={21},
  number={9},
  pages={1263-1284},
  year={2009},
  publisher={Ieee}
}


@article{3-15,
  title={The {W}ilcoxon--{M}ann--{W}hitney test under scrutiny},
  author={Fagerland, Morten W and Sandvik, Leiv},
  journal={Statistics in Medicine},
  volume={28},
  number={10},
  pages={1487-1497},
  year={2009},
  publisher={Wiley Online Library}
}


@article{3-16,
  title={Multi-channel {EEG} recordings during a sustained-attention driving task},
  author={Cao, Zehong and Chuang, Chun-Hsiang and King, Jung-Kai and Lin, Chin-Teng},
  journal={Scientific Data},
  volume={6},
  number={1},
  pages={1-8},
  year={2019},
  publisher={Nature Publishing Group}
}

@article{3-17,
  title={A multivariate weighted ordinal pattern transition network for characterizing driver fatigue behavior from EEG signals},
  author={Yang, Yu-Xuan and Gao, Zhong-Ke},
  journal={International Journal of Bifurcation and Chaos},
  volume={30},
  number={08},
  pages={2050118},
  year={2020},
  publisher={World Scientific}
}

@article{3-18,
  title={Toward drowsiness detection using non-hair-bearing {EEG}-based brain-computer interfaces},
  author={Wei, Chun-Shu and Wang, Yu-Te and Lin, Chin-Teng and Jung, Tzyy-Ping},
  journal={IEEE Transactions on Neural Systems and Rehabilitation Engineering},
  volume={26},
  number={2},
  pages={400-406},
  year={2018},
  publisher={IEEE}
}

@article{3-19,
  title={Domain adaptation via transfer component analysis},
  author={Pan, Sinno Jialin and Tsang, Ivor W and Kwok, James T and Yang, Qiang},
  journal={IEEE Transactions on Neural Networks},
  volume={22},
  number={2},
  pages={199-210},
  year={2010},
  publisher={IEEE}
}

@article{3-20,
  title={Domain-adversarial training of neural networks},
  author={Ganin, Yaroslav and Ustinova, Evgeniya and Ajakan, Hana and Germain, Pascal and Larochelle, Hugo and Laviolette, Fran{\c{c}}ois and Marchand, Mario and Lempitsky, Victor},
  journal={The Journal of Machine Learning Research},
  volume={17},
  number={1},
  pages={2096-2030},
  year={2016},
  publisher={JMLR. org}
}

@article{3-21,
  title={Investigating the use of pretrained convolutional neural network on cross-subject and cross-dataset {EEG} emotion recognition},
  author={Cimtay, Yucel and Ekmekcioglu, Erhan},
  journal={Sensors},
  volume={20},
  number={7},
  pages={2034},
  year={2020},
  publisher={MDPI}
}

@article{3-22,
  title={Cross-subject {EEG}-based emotion recognition through neural networks with stratified normalization},
  author={Fdez, Javier and Guttenberg, Nicholas and Witkowski, Olaf and Pasquali, Antoine},
  journal={Frontiers in Neuroscience},
  volume={15},
  pages={626277},
  year={2021},
  publisher={Frontiers Media SA}
}

@article{3-23,
  title={{EEG} emotion recognition using dynamical graph convolutional neural networks},
  author={Song, Tengfei and Zheng, Wenming and Song, Peng and Cui, Zhen},
  journal={IEEE Transactions on Affective Computing},
  volume={11},
  number={3},
  pages={532-541},
  year={2018},
  publisher={IEEE}
}

@article{3-24,
  title={A fast, efficient domain adaptation technique for cross-domain electroencephalography {(EEG)}-based emotion recognition},
  author={Chai, Xin and Wang, Qisong and Zhao, Yongping and Li, Yongqiang and Liu, Dan and Liu, Xin and Bai, Ou},
  journal={Sensors},
  volume={17},
  number={5},
  pages={1014},
  year={2017},
  publisher={MDPI}
}

@article{3-25,
  title={{EEG} based emotion detection using fourth order spectral moment and deep learning},
  author={Joshi, Vaishali M and Ghongade, Rajesh B},
  journal={Biomedical Signal Processing and Control},
  volume={68},
  pages={102755},
  year={2021},
  publisher={Elsevier}
}

@inproceedings{3-26,
  title={Cross-subject {EEG}-based emotion recognition with deep domain confusion},
  author={Zhang, Weiwei and Wang, Fei and Jiang, Yang and Xu, Zongfeng and Wu, Shichao and Zhang, Yahui},
  booktitle={International Conference on Intelligent Robotics and Applications (ICIRA)},
  pages={558-570},
  year={2019},
  organization={Springer}
}

@article{3-27,
  title={A bi-hemisphere domain adversarial neural network model for {EEG} emotion recognition},
  author={Li, Yang and Zheng, Wenming and Zong, Yuan and Cui, Zhen and Zhang, Tong and Zhou, Xiaoyan},
  journal={IEEE Transactions on Affective Computing},
  volume={12},
  number={2},
  pages={494-504},
  year={2018},
  publisher={IEEE}
}

@ARTICLE{3-28,
  author={Zhong, Peixiang and Wang, Di and Miao, Chunyan},
  journal={IEEE Transactions on Affective Computing}, 
  title={{EEG}-based emotion recognition using regularized graph neural networks}, 
  year={2022},
  volume={13},
  number={3},
  pages={1290-1301},
  doi={10.1109/TAFFC.2020.2994159}}

@inproceedings{3-29,
  title={{EEG}-based cross-subject mental fatigue recognition},
  author={Liu, Yisi and Lan, Zirui and Cui, Jian and Sourina, Olga and M{\"u}ller-Wittig, Wolfgang},
  booktitle={2019 International Conference on Cyberworlds (CW)},
  pages={247-252},
  year={2019},
  organization={IEEE}
}

@inproceedings{3-30,
  title={Image-based {EEG} signal processing for driving fatigue prediction},
  author={Cheng, Eric Juwei and Young, Ku-Young and Lin, Chin-Teng},
  booktitle={2018 International Automatic Control Conference (CACS)},
  pages={1-5},
  year={2018},
  organization={IEEE}
}

@article{3-31,
  title={Hierarchical convolutional neural networks for {EEG}-based emotion recognition},
  author={Li, Jinpeng and Zhang, Zhaoxiang and He, Huiguang},
  journal={Cognitive Computation},
  volume={10},
  number={2},
  pages={368-380},
  year={2018},
  publisher={Springer}
}

@article{3-32,
  title={Temporal {EEG} imaging for drowsy driving prediction},
  author={Cheng, Eric Juwei and Young, Ku-Young and Lin, Chin-Teng},
  journal={Applied Sciences},
  volume={9},
  number={23},
  pages={5078},
  year={2019},
  publisher={MDPI}
}


@article{3-33,
  title={A {CNN} identified by reinforcement learning-based optimization framework for {EEG}-based state evaluation},
  author={Yang, Yuxuan and Gao, Zhongke and Li, Yanli and Wang, He},
  journal={Journal of Neural Engineering},
  volume={18},
  number={4},
  pages={046059},
  year={2021},
  publisher={IOP Publishing}
}

@inproceedings{3-34,
  title={{DARTS}: Differentiable architecture search},
  author={Liu, Hanxiao and Simonyan, Karen and Yang, Yiming},
  booktitle={International Conference on Learning Representations (ICLR)},
  pages = {1-13},
  year={2019},
  publisher = {http://OpenReview.net}
}

@inproceedings{3-35,
  title={{SNAS}: {S}tochastic neural architecture search},
  author={Xie, Sirui and Zheng, Hehui and Liu, Chunxiao and Lin, Liang},
  booktitle={International Conference on Learning Representations (ICLR)},
  pages = {1-17},
  year={2019},
  publisher = {http://OpenReview.net}
}

@inproceedings{3-36,
  title={Understanding and robustifying differentiable architecture search},
  author={Arber Zela, Thomas Elsken and Saikia, Tonmoy and Marrakchi, Yassine and Brox, Thomas and Hutter, Frank},
  booktitle={International Conference on Learning Representations (ICLR)},
  pages = {1-28},
  year={2020},
  publisher = {http://OpenReview.net}
}

@article{2-1,
  title={Estimating the spatial Nyquist of the human {EEG}},
  author={Srinivasan, Ramesh and Tucker, Don M and Murias, Michael},
  journal={Behavior Research Methods, Instruments, \& Computers},
  volume={30},
  number={1},
  pages={8-19},
  year={1998},
  publisher={Springer}
}

@article{2-2,  
	author={Srinivasan, R. and Nunez, P.L. and Silberstein, R.B.},  
	journal={IEEE Transactions on Biomedical Engineering},   
	title={Spatial filtering and neocortical dynamics: {E}stimates of {EEG} coherence},   
	year={1998},  
	volume={45},  
	number={7},  
	pages={814-826},  
}
@article{2-3,
	title={基于ADS1299的可穿戴式脑电信号采集系统前端设计},
	author={谢宏 and 李亚男 and 夏斌 and 姚楠},
	journal={电子技术应用},
	number={03},
	pages={86-89},
	year={2014},
}

@article{2-4,
	title={An interference suppression method for non-contact bioelectric acquisition},
	author={Tang, Yue and Chang, Ronghui and Zhang, Limin and Yan, Feng},
	journal={Electronics},
	volume={9},
	number={2},
	pages={293-302},
	year={2020},
	publisher={Multidisciplinary Digital Publishing Institute}
}

@article{1-1,
  title={A survey of brain network analysis by electroencephalographic signals},
  author={Luo, Cuihua and Li, Fali and Li, Peiyang and Yi, Chanlin and Li, Chunbo and Tao, Qin and Zhang, Xiabing and Si, Yajing and Yao, Dezhong and Yin, Gang and others},
  journal={Cognitive Neurodynamics},
  volume={16},
  number={1},
  pages={17-41},
  year={2022},
  publisher={Springer}
}

@article{1-2,
  title={Cortical dynamic causality network for auditory-motor tasks},
  author={Liu, Tiejun and Li, Fali and Jiang, Yi and Zhang, Tao and Wang, Fei and Gong, Diankun and Li, Peiyang and Ma, Teng and Qiu, Kan and Li, He and others},
  journal={IEEE Transactions on Neural Systems and Rehabilitation Engineering},
  volume={25},
  number={8},
  pages={1092-1099},
  year={2016},
  publisher={IEEE}
}

@article{1-3,
  title={Estimation of the cortical functional connectivity with the multimodal integration of high-resolution {EEG} and f{MRI} data by directed transfer function},
  author={Babiloni, Fabio and Cincotti, Febo and Babiloni, Claudio and Carducci, Filippo and Mattia, Donatella and Astolfi, Laura and Basilisco, Alessandra and Rossini, Paolo Maria and Ding, Lei and Ni, Ying and others},
  journal={NeuroImage},
  volume={24},
  number={1},
  pages={118-131},
  year={2005},
  publisher={Elsevier}
}


@article{1-4,
  title={Review of advanced techniques for the estimation of brain connectivity measured with {EEG}/{MEG}},
  author={Sakkalis, Vangelis},
  journal={Computers in Biology and Medicine},
  volume={41},
  number={12},
  pages={1110-1117},
  year={2011},
  publisher={Elsevier}
}

@article{1-5,
  title={Functional and effective connectivity based features of {EEG} signals for object recognition},
  author={Tafreshi, Taban Fami and Daliri, Mohammad Reza and Ghodousi, Mahrad},
  journal={Cognitive Neurodynamics},
  volume={13},
  number={6},
  pages={555-566},
  year={2019},
  publisher={Springer}
}

@article{1-6,
  title={Imaging connectivity: {MRI} and the structural networks of the brain},
  author={Clayden, Jonathan D},
  journal={Functional Neurology},
  volume={28},
  number={3},
  pages={197},
  year={2013},
  publisher={CIC Edizioni internazionali}
}

@article{1-7,
  title={Diffusion tensor imaging: {C}oncepts and applications},
  author={Le Bihan, Denis and Mangin, Jean-Fran{\c{c}}ois and Poupon, Cyril and Clark, Chris A and Pappata, Sabina and Molko, Nicolas and Chabriat, Hughes},
  journal={Journal of Magnetic Resonance Imaging: An Official Journal of the International Society for Magnetic Resonance in Medicine},
  volume={13},
  number={4},
  pages={534-546},
  year={2001},
  publisher={Wiley Online Library}
}
@article{1-8,
  title={Brain functional connectivity through phase coupling of neuronal oscillations: {A} perspective from magnetoencephalography},
  author={Marzetti, Laura and Basti, Alessio and Chella, Federico and D'Andrea, Antea and Syrj{\"a}l{\"a}, Jaakko and Pizzella, Vittorio},
  journal={Frontiers in Neuroscience},
  volume={13},
  pages={964},
  year={2019},
  publisher={Frontiers Media SA}
}

@article{1-9,
  title={Connectomics of human electrophysiology},
  author={Sadaghiani, Sepideh and Brookes, Matthew J and Baillet, Sylvain},
  journal={NeuroImage},
  volume={247},
  pages={118788},
  year={2022},
  publisher={Elsevier}
}

@article{1-10,
  title={Functional and effective connectivity: {A} review},
  author={Friston, Karl J},
  journal={Brain Connectivity},
  volume={1},
  number={1},
  pages={13-36},
  year={2011},
  publisher={Mary Ann Liebert, Inc. 140 Huguenot Street, 3rd Floor New Rochelle, NY 10801 USA}
}

@article{1-11,
  title={Using interictal seizure-free {EEG} data to recognise patients with epilepsy based on machine learning of brain functional connectivity},
  author={Cao, Jun and Grajcar, Kacper and Shan, Xiaocai and Zhao, Yifan and Zou, Jiaru and Chen, Liangyu and Li, Zhiqing and Grunewald, Richard and Zis, Panagiotis and De Marco, Matteo and others},
  journal={Biomedical Signal Processing and Control},
  volume={67},
  pages={102554},
  year={2021},
  publisher={Elsevier}
}

@article{1-12,
  title={How reliable are {MEG} resting-state connectivity metrics?},
  author={Colclough, Giles L and Woolrich, Mark W and Tewarie, PK and Brookes, Matthew J and Quinn, Andrew J and Smith, Stephen M},
  journal={NeuroImage},
  volume={138},
  pages={284-293},
  year={2016},
  publisher={Elsevier}
}

@article{1-14,
  title={Estimation of the effective and functional human cortical connectivity with structural equation modeling and directed transfer function applied to high-resolution {EEG}},
  author={Astolfi, Laura and Cincotti, Febo and Mattia, Donatella and Salinari, Serenella and Babiloni, Claudio and Basilisco, Alessandra and Rossini, Paolo Maria and Ding, Lei and Ni, Ying and He, Bin and others},
  journal={Magnetic Resonance Imaging},
  volume={22},
  number={10},
  pages={1457-1470},
  year={2004},
  publisher={Elsevier}
}

@article{1-15,
  title={The relationship between structural and functional connectivity: {G}raph theoretical analysis of an {EEG} neural mass model},
  author={Ponten, SC and Daffertshofer, Andreas and Hillebrand, Arjan and Stam, Cornelis J},
  journal={NeuroImage},
  volume={52},
  number={3},
  pages={985-994},
  year={2010},
  publisher={Elsevier}
}

@ARTICLE{1-16,
	author={Xia, Kai jian and Jiang, Yi zhang and Zhang, Yu dong and Si, Wen},
	journal={IEEE/ACM Transactions on Computational Biology and Bioinformatics}, 
	title={Advanced machine-learning methods for brain-machine interfacing or brain-computer interfacing}, 
	year={2021},
	volume={18},
	number={5},
	pages={1643-1644},
	doi={10.1109/TCBB.2021.3078145}
}
@ARTICLE{1-17,  
    title={脑机接口技术综述},
	author={沈敏},
	journal={重庆邮电大学学报:自然科学版},
	volume={19},
	number={B06},
	pages={147-150},
	year={2007}, 
}
@ARTICLE{1-18,
	author={Bevilacqua, Michele and Perdikis, Serafeim and Millán, José del R.},
	journal={IEEE Open Journal of Engineering in Medicine and Biology}, 
	title={On error-related potentials during sensorimotor-based brain-computer interface: {E}xplorations with a pseudo-online brain-controlled speller}, 
	year={2020},
	volume={1},
	number={},
	pages={17-22},
	doi={10.1109/OJEMB.2019.2962879}
}


@article{1-20,
	title={The inventor of electroencephalography ({EEG}): Hans Berger (1873–1941)},
	author={Rümeysa Nce and  Adanr, Saliha Seda  and  Sevmez, Fatma},
	journal={Childs Nervous System},
	number={4},
	pages={9-15},
	year={2020},
}
@article{1-21,
  title={{EEG} signal analysis: {A} survey},
  author={Subha, D Puthankattil and Joseph, Paul K and Acharya U, Rajendra and Lim, Choo Min and others},
  journal={Journal of Medical Systems},
  volume={34},
  number={2},
  pages={195-212},
  year={2010},
  publisher={Springer}
}

@article{1-22,
author = {Vidal, J J},
title = {Toward direct brain-computer communication},
journal = {Annual Review of Biophysics and Bioengineering},
volume = {2},
number = {1},
pages = {157-180},
year = {1973}
}


@article{1-23,
  title={Adaptive automation triggered by {EEG}-based mental workload index: {A} passive brain-computer interface application in realistic air traffic control environment},
  author={Aric{\`o}, Pietro and Borghini, Gianluca and Di Flumeri, Gianluca and Colosimo, Alfredo and Bonelli, Stefano and Golfetti, Alessia and Pozzi, Simone and Imbert, Jean-Paul and Granger, G{\'e}raud and Benhacene, Ra{\"\i}lane and others},
  journal={Frontiers in Human Neuroscience},
  volume={10},
  pages={539},
  year={2016},
  publisher={Frontiers Media SA}
}

@article{1-24,
  title={{EEG}-based user reaction time estimation using {R}iemannian geometry features},
  author={Wu, Dongrui and Lance, Brent J and Lawhern, Vernon J and Gordon, Stephen and Jung, Tzyy-Ping and Lin, Chin-Teng},
  journal={IEEE Transactions on Neural Systems and Rehabilitation Engineering},
  volume={25},
  number={11},
  pages={2157-2168},
  year={2017},
  publisher={IEEE}
}

@article{1-25,
  title={Effects of a brain-computer interface with virtual reality {(VR)} neurofeedback: {A} pilot study in chronic stroke patients},
  author={Vourvopoulos, Athanasios and Pardo, Octavio Marin and Lefebvre, St{\'e}phanie and Neureither, Meghan and Saldana, David and Jahng, Esther and Liew, Sook-Lei},
  journal={Frontiers in Human Neuroscience},
  pages={210},
  year={2019},
  publisher={Frontiers}
}

@article{1-26,
  title={Quadcopter control in three-dimensional space using a noninvasive motor imagery-based brain--computer interface},
  author={LaFleur, Karl and Cassady, Kaitlin and Doud, Alexander and Shades, Kaleb and Rogin, Eitan and He, Bin},
  journal={Journal of Neural Engineering},
  volume={10},
  number={4},
  pages={046003},
  year={2013},
  publisher={IOP Publishing}
}

@article{1-27,
  title={Reaching and grasping a glass of water by locked-in {ALS} patients through a {BCI}-controlled humanoid robot},
  author={Spataro, Rossella and Chella, Antonio and Allison, Brendan and Giardina, Marcello and Sorbello, Rosario and Tramonte, Salvatore and Guger, Christoph and La Bella, Vincenzo},
  journal={Frontiers in Human Neuroscience},
  pages={68},
  year={2017},
  publisher={Frontiers}
}


@article{1-28,
	title={Smart home control for disabled using brain computer interface},
	author={Qin, Li Yi  and  Nasir, Noorhamizah Mohamed  and  Huq, M. Saiful  and  Ibrahim, B. S. K. K.  and  Alias, N. Akmal},
	journal={International Journal of Integrated Engineering},
	volume={12},
	number={4},
	pages={42-48},
	year={2020},
}

@article{1-29,
	title={Frequency recognition in {SSVEP}-based {BCI} using multiset canonical correlation analysis},
	author={Zhang Yu and  Zhou Guo xu and  Jin Jing  and  Wang, X.  and  Cichocki, A.},
	journal={International Journal of Neural Systems},
	volume={24},
	number={04},
	pages={145-156},
	year={2014},
}
@ARTICLE{1-30,
	author={Nakanishi, Masaki and Wang, Yijun and Chen, Xiaogang and Wang, Yu-Te and Gao, Xiaorong and Jung, Tzyy-Ping},
	journal={IEEE Transactions on Biomedical Engineering}, 
	title={Enhancing detection of {SSVEP}s for a high-speed brain speller using task-related component analysis}, 
	year={2018},
	volume={65},
	number={1},
	pages={104-112}
}

@article{1-31,
	title={Single trial analysis and classification of {ERP} components a tutorial},
	author={ Blankertz, B.  and  Lemm, S.  and  Treder, M. S.  and  Haufe, S.  and KR Müller},
	journal={NeuroImage},
	volume={56},
	number={2},
	year={2010},
	pages={814-825},
}

@article{1-32,
  title={P300 brain computer interface: {C}urrent challenges and emerging trends},
  author={Fazel-Rezai, Reza and Allison, Brendan Z and Guger, Christoph and Sellers, Eric W and Kleih, Sonja C and K{\"u}bler, Andrea},
  journal={Frontiers in Neuroengineering},
  pages={1-14},
  year={2012},
  publisher={Frontiers}
}

@article{1-33,
	title={Comparison of signal decomposition methods in classification of {EEG} signals for motor-imagery {BCI} system},
	author={ Kevric, J.  and  Subasi, A. },
	journal={Biomedical Signal Processing And Control},
	volume={31},
	pages={398-406},
	number={29},
	year={2017},
}

@article{1-34,
	title={Sparse bayesian learning for obtaining sparsity of {EEG} frequency bands based feature vectors in motor imagery classification},
	author={ Yu, Z.  and  Wang, Y.  and  Jin, J.  and  Wang, X. },
	journal={International Journal of Neural Systems},
	volume={27},
	number={2},
	pages={537-552},
	year={2017},
}

@article{1-35,
  title={Towards passive brain--computer interfaces: {A}pplying brain--computer interface technology to human--machine systems in general},
  author={Zander, Thorsten O and Kothe, Christian},
  journal={Journal of Neural Engineering},
  volume={8},
  number={2},
  pages={025005},
  year={2011},
  publisher={IOP Publishing}
}


@article{1-36,
  title={A comprehensive review of {EEG}-based brain--computer interface paradigms},
  author={Abiri, Reza and Borhani, Soheil and Sellers, Eric W and Jiang, Yang and Zhao, Xiaopeng},
  journal={Journal of Neural Engineering},
  volume={16},
  number={1},
  pages={011001},
  year={2019},
  publisher={IOP Publishing}
}

@article{1-37,
  title={Human {EEG} responses to 1--100 Hz flicker: {R}esonance phenomena in visual cortex and their potential correlation to cognitive phenomena},
  author={Herrmann, Christoph S},
  journal={Experimental Brain Research},
  volume={137},
  number={3},
  pages={346-353},
  year={2001},
  publisher={Springer}
}

@article{1-38,
  title={{BCI} demographics {II}: How many (and what kinds of) people can use a high-frequency {SSVEP} {BCI}?},
  author={Volosyak, Ivan and Valbuena, Diana and Luth, Thorsten and Malechka, Tatsiana and Graser, Axel},
  journal={IEEE Transactions on Neural Systems and Rehabilitation Engineering},
  volume={19},
  number={3},
  pages={232-239},
  year={2011},
  publisher={IEEE}
}

@article{1-39,
	title={A novel approach based on {EMD} to improve the performance of {SSVEP} based {BCI} system},
	author={Ojha, M. K.  and  Mukul, M. K. },
	journal={Wireless Personal Communications},
	pages={1-13},
	number={40}, 
	volume = {841}, 
	year={2021},
}

@Article{1-40,
	AUTHOR = {Li, Ming Lun and He, Dian Ning and Li, Chen and Qi, Shouliang},
	TITLE = {Brain computer interface speller based on steady-state visual evoked potential: {A} review focusing on the stimulus paradigm and performance},
	JOURNAL = {Brain Sciences},
	VOLUME = {11},
	YEAR = {2021},
	NUMBER = {4},
	pages={207-242},
}
@article{1-41,
  title={Prediction of {P300} {BCI} aptitude in severe motor impairment},
  author={Halder, Sebastian and Ruf, Carolin Anne and Furdea, Adrian and Pasqualotto, Emanuele and De Massari, Daniele and van der Heiden, Linda and Bogdan, Martin and Rosenstiel, Wolfgang and Birbaumer, Niels and K{\"u}bler, Andrea and others},
  journal={PloS One},
  volume={8},
  number={10},
  pages={e76148},
  year={2013},
  publisher={Public Library of Science San Francisco, USA}
}

@article{1-42,
  title={Brain-computer interface {(BCI)} evaluation in people with amyotrophic lateral sclerosis},
  author={McCane, Lynn M and Sellers, Eric W and McFarland, Dennis J and Mak, Joseph N and Carmack, C Steve and Zeitlin, Debra and Wolpaw, Jonathan R and Vaughan, Theresa M},
  journal={Amyotrophic Lateral Sclerosis and Frontotemporal Degeneration},
  volume={15},
  number={3-4},
  pages={207-215},
  year={2014},
  publisher={Taylor \& Francis}
}

@article{1-43,
  title={Motor imagery activates primary sensorimotor area in humans},
  author={Pfurtscheller, Gert and Neuper, Christa},
  journal={Neuroscience Letters},
  volume={239},
  number={2-3},
  pages={65-68},
  year={1997},
  publisher={Elsevier}
}

@article{1-44,
	title={Predicting the performance of motor imagery in stroke patients: {M}ultivariate pattern analysis of functional {MRI} data},
	author={Chang Hyun and Park and Won and Hyuk and Chang and Minji and Lee and Gyu and Hyun and Kwon},
	journal={Neurorehabil Neural Repair},
	volume={29},
	number={3},
	pages={247-254},
	year={2015},
}
@article{1-45,
	title={Motor imagery learning across a sequence of trials in stroke patients},
	author={ Lee, M.  and  Park, C. H.  and  Kim, J. H.  and  Kwon, G. H.  and  Kim, Y. H. },
	journal={Ejc Supplements},
	volume={34},
	number={4},
	pages={202-202},
	year={2015},
}

@article{1-46,
	title={Resting state changes in functional connectivity correlate with movement recovery for {BCI} and robot-assisted upper-extremity training after stroke},
	author={ Varkuti, B.  and  Guan, C.  and  Pan, Y.  and  Phua, K. S.  and  Ang, K. K.  and  Kuah, Cwk  and  Chua, K.  and  Ang, B. T.  and  Birbaumer, N.  and  Sitaram, R. },
	journal={Neurorehabil Neural Repair},
	volume={27},
	number={1},
	pages={53-62},
	year={2013},
}
@ARTICLE{1-47,  
	author={Lee, Minji and Jeong, Ji Hoon and Kim, Yun Hee and Lee, Seong-Whan},  
	journal={IEEE Transactions on Neural Systems and Rehabilitation Engineering},   
	title={Decoding finger tapping with the affected hand in chronic stroke patients during motor imagery and execution},   
	year={2021},  
	volume={29},  
	number={89},  
	pages={1099-1109},  
}

@article {1-48,
	Title = {Brain-computer interfaces for post-stroke motor rehabilitation: {A} meta-analysis},
	Author = {Cervera, María A and Soekadar, Surjo R and Ushiba, Junichi and Millán, José Del R and Liu, Meigen and Birbaumer, Niels and Garipelli, Gangadhar},
	Number = {5},
	Volume = {5},
	Month = {May},
	Year = {2018},
	Journal = {Annals of Clinical and Translational Neurology},
	Pages = {651—663},
}


@article{1-49,
  title={Investigating real-life emotions in romantic couples: {A} mobile {EEG} study},
  author={Packheiser, Julian and Berretz, Gesa and Rook, Noemi and Bahr, Celine and Schockenhoff, Lynn and G{\"u}nt{\"u}rk{\"u}n, Onur and Ocklenburg, Sebastian},
  journal={Scientific Reports},
  volume={11},
  number={1},
  pages={1-12},
  year={2021},
  publisher={Nature Publishing Group}
}

@article{1-50,
	title={A brain-computer interface using electrocorticographic signals in humans.},
	author={ Leuthardt, E. C.  and  Schalk, G.  and  Wolpaw, J. R.  and  Ojemann, J. G.  and  Moran, D. W. },
	journal={Journal of Neural Engineering},
	volume={1},
	number={2},
	pages={63-71},
	year={2004},
}
@ARTICLE{1-51,  
	author={Jiao, Yong and Zhang, Yu and Chen, Xun and Yin, Erwei and Jin, Jing and Wang, Xingyu and Cichocki, Andrzej},  
	journal={IEEE Journal of Biomedical and Health Informatics},   
	title={Sparse group representation model for motor imagery {EEG} classification},   
	year={2019},  
	volume={23},  
	number={2},  
	pages={631-641}, 
}

@article{1-52,
	title={Invasive stimulation procedures and {EEG} diagnostics in epilepsy},
	author={ Schulze B, A.  and  Hamer, H. M.  and  Hirsch, M.  and  Hagge, M. },
	journal={Der Nervenarzt},
	year={2016},
	number={52},
	volume={908},
	pages={744-749},
}

@article{1-53,
	title = {Surgical outcomes related to invasive {EEG} monitoring with subdural grids or depth electrodes in adults: {A} systematic review and meta-analysis},
	journal = {Seizure},
	volume = {70},
	pages = {12-19},
	year = {2019},
	issn = {1059-1311},
	number={23},
	author = {Marton Toth and Kata Szilvia Papp and Noemi Gede and Kornelia Farkas and Sandor Kovacs and Jean Isnard and Koichi Hagiwara and Csilla Gyimesi and Diana Kuperczko and Tamas Doczi and Jozsef Janszky},
}

@article{1-54,
  title={Summary of over fifty years with brain-computer interfaces—a review},
  author={Kawala-Sterniuk, Aleksandra and Browarska, Natalia and Al-Bakri, Amir and Pelc, Mariusz and Zygarlicki, Jaroslaw and Sidikova, Michaela and Martinek, Radek and Gorzelanczyk, Edward Jacek},
  journal={Brain Sciences},
  volume={11},
  number={1},
  pages={43},
  year={2021},
  publisher={MDPI}
}

@ARTICLE{1-55,
	AUTHOR={Michel, Christoph M. and Brunet, Denis},    
	TITLE={{EEG} source imaging: {A} practical review of the analysis steps},      	
	JOURNAL={Frontiers in Neurology},      	
	VOLUME={10},      
	PAGES={325},     	
	YEAR={2019},   
	number={77},   
	ISSN={1664-2295},   
}

@article{1-56,
  title={Comparison of wavelet transform and {FFT} methods in the analysis of {EEG} signals},
  author={Akin, Mehmet},
  journal={Journal of Medical Systems},
  volume={26},
  number={3},
  pages={241-247},
  year={2002},
  publisher={Springer}
}

@article{1-57,
  title={The surface {L}aplacian technique in {EEG}: {T}heory and methods},
  author={Carvalhaes, Claudio and De Barros, J Acacio},
  journal={International Journal of Psychophysiology},
  volume={97},
  number={3},
  pages={174-188},
  year={2015},
  publisher={Elsevier}
}

@inproceedings{1-58,
  title={Filter bank common spatial pattern {(FBCSP)} in brain-computer interface},
  author={Ang, Kai Keng and Chin, Zheng Yang and Zhang, Haihong and Guan, Cuntai},
  booktitle={2008 IEEE International Joint Conference on Neural Networks (IEEE World Congress on Computational Intelligence)},
  pages={2390-2397},
  year={2008},
  organization={IEEE}
}

@article{1-59,
  title={Classification of multi-class motor imagery with a novel hierarchical {SVM} algorithm for brain--computer interfaces},
  author={Dong, Enzeng and Li, Changhai and Li, Liting and Du, Shengzhi and Belkacem, Abdelkader Nasreddine and Chen, Chao},
  journal={Medical \& Biological Engineering \& Computing},
  volume={55},
  number={10},
  pages={1809-1818},
  year={2017},
  publisher={Springer}
}

@inproceedings{1-60,
  title={Classification of {EEG} signals using {D}empster {S}hafer theory and a k-nearest neighbor classifier},
  author={Yazdani, Ashkan and Ebrahimi, Touradj and Hoffmann, Ulrich},
  booktitle={2009 4th International IEEE/EMBS Conference on Neural Engineering (NER)},
  pages={327-330},
  year={2009},
  organization={IEEE}
}

@article{1-61,
  title={Classification of {EEG} signals using neural network and logistic regression},
  author={Subasi, Abdulhamit and Ercelebi, Ergun},
  journal={Computer Methods and Programs in Biomedicine},
  volume={78},
  number={2},
  pages={87-99},
  year={2005},
  publisher={Elsevier}
}

@article{1-62,
  title={Correlation-based channel selection and regularized feature optimization for {MI}-based {BCI}},
  author={Jin, Jing and Miao, Yangyang and Daly, Ian and Zuo, Cili and Hu, Dewen and Cichocki, Andrzej},
  journal={Neural Networks},
  volume={118},
  pages={262-270},
  year={2019},
  publisher={Elsevier}
}


@article{1-63,
  title={Internal feature selection method of {CSP} based on {L}1-norm and {D}empster--{S}hafer theory},
  author={Jin, Jing and Xiao, Ruocheng and Daly, Ian and Miao, Yangyang and Wang, Xingyu and Cichocki, Andrzej},
  journal={IEEE Transactions on Neural Networks and Learning Systems},
  volume={32},
  number={11},
  pages={4814-4825},
  year={2020},
  publisher={IEEE}
}

@article{1-64,
  title={Deep learning},
  author={LeCun, Yann and Bengio, Yoshua and Hinton, Geoffrey},
  journal={Nature},
  volume={521},
  number={7553},
  pages={436-444},
  year={2015},
  publisher={Nature Publishing Group}
}

@article{1-65,
  title={{EEG}-based spatio--temporal convolutional neural network for driver fatigue evaluation},
  author={Gao, Zhongke and Wang, Xinmin and Yang, Yuxuan and Mu, Chaoxu and Cai, Qing and Dang, Weidong and Zuo, Siyang},
  journal={IEEE Transactions on Neural Networks and Learning Systems},
  volume={30},
  number={9},
  pages={2755-2763},
  year={2019},
  publisher={IEEE}
}

@article{1-66,
  title={Deep learning for electroencephalogram {(EEG)} classification tasks: {A} review},
  author={Craik, Alexander and He, Yongtian and Contreras-Vidal, Jose L},
  journal={Journal of Neural Engineering},
  volume={16},
  number={3},
  pages={031001},
  year={2019},
  publisher={IOP Publishing}
}

@article{1-67,
  title={Deep learning for motor imagery {EEG}-based classification: {A} review},
  author={Al-Saegh, Ali and Dawwd, Shefa A and Abdul-Jabbar, Jassim M},
  journal={Biomedical Signal Processing and Control},
  volume={63},
  pages={102172},
  year={2021},
  publisher={Elsevier}
}

@article{1-68,
	title = {{EEG} signals classification using the {K}-means clustering and a multilayer perceptron neural network model},
	journal = {Expert Systems with Applications},
	volume = {38},
	number = {10},
	pages = {13475-13481},
	year = {2011},
	issn = {0957-4174},
	author = {Umut Orhan and Mahmut Hekim and Mahmut Ozer},
}

@article{1-69,
	title = {Passivity and passification of memristive recurrent neural networks with multi-proportional delays and impulse},
	journal = {Applied Mathematics and Computation},
	volume = {369},
	pages = {124838},
	year = {2020},
	issn = {0096-3003},
	number = {52},
	author = {Yuxiao Wang and Yuting Cao and Zhenyuan Guo and Shiping Wen},
}


@article{1-70,
	title = {Quantum boltzmann machine},
	author = {Amin, Mohammad H. and Andriyash, Evgeny and Rolfe, Jason and Kulchytskyy, Bohdan and Melko, Roger},
	journal = {Phys. Rev. X},
	volume = {8},
	issue = {2},
	pages = {55-71},
	number = {11},
	year = {2018},
	month = {May},
	publisher = {American Physical Society},
}

@ARTICLE{1-71,
  author={Xu, Fangzhou and Rong, Fenqi and Leng, Jiancai and Sun, Tao and Zhang, Yang and Siddharth, Siddharth and Jung, Tzyy-Ping},
  journal={IEEE Transactions on Neural Systems and Rehabilitation Engineering}, 
  title={Classification of left-versus right-hand motor imagery in stroke patients using supplementary data generated by {C}ycle{GAN}}, 
  year={2021},
  volume={29},
  number={},
  pages={2417-2424},
  doi={10.1109/TNSRE.2021.3123969}}


@article{1-72,
  title={The extraction of motion-onset {VEP} {BCI} features based on deep learning and compressed sensing},
  author={Ma, Teng and Li, Hui and Yang, Hao and Lv, Xulin and Li, Peiyang and Liu, Tiejun and Yao, Dezhong and Xu, Peng},
  journal={Journal of Neuroscience Methods},
  volume={275},
  pages={80-92},
  year={2017},
  publisher={Elsevier}
}

@article{1-73,
  title={A long short-term memory deep learning network for the prediction of epileptic seizures using {EEG} signals},
  author={Tsiouris, Kostas M and Pezoulas, Vasileios C and Zervakis, Michalis and Konitsiotis, Spiros and Koutsouris, Dimitrios D and Fotiadis, Dimitrios I},
  journal={Computers in Biology and Medicine},
  volume={99},
  pages={24-37},
  year={2018},
  publisher={Elsevier}
}

@article{1-74,
  title={Spatial--temporal seizure detection with graph attention network and bi-directional {LSTM} architecture},
  author={He, Jiatong and Cui, Jia and Zhang, Gaobo and Xue, Mingrui and Chu, Dengyu and Zhao, Yanna},
  journal={Biomedical Signal Processing and Control},
  volume={78},
  pages={103908},
  year={2022},
  publisher={Elsevier}
}

@article{1-75,
  title={A transfer learning-based {CNN} and {LSTM} hybrid deep learning model to classify motor imagery {EEG} signals},
  author={Khademi, Zahra and Ebrahimi, Farideh and Kordy, Hussain Montazery},
  journal={Computers in Biology and Medicine},
  volume={143},
  pages={105288},
  year={2022},
  publisher={Elsevier}
}

@article{1-76,
  title={A comprehensive survey of neural architecture search: {C}hallenges and solutions},
  author={Ren, Pengzhen and Xiao, Yun and Chang, Xiaojun and Huang, Po-Yao and Li, Zhihui and Chen, Xiaojiang and Wang, Xin},
  journal={ACM Computing Surveys (CSUR)},
  volume={54},
  number={4},
  pages={1-34},
  year={2021},
  publisher={ACM New York, NY, USA}
}

@inproceedings{1-77,
  title={AssembleNet: {S}earching for multi-stream neural connectivity in video architectures},
  author={Ryoo, Michael S and Piergiovanni, AJ and Tan, Mingxing and Angelova, Anelia},
  booktitle={International Conference on Learning Representations (ICLR)},
  pages={1-15},
  publisher = {http://OpenReview.net},
  year={2019}
}


@inproceedings{1-78,
  author = {Luo, Renqian and Tian, Fei and Qin, Tao and Chen, Enhong and Liu, Tie-Yan},
  title = {Neural architecture optimization},
  year = {2018},
  publisher = {Curran Associates Inc.},
  address = {Red Hook, NY, USA},
  booktitle = {Proceedings of the 32nd International Conference on Neural Information Processing Systems (NIPS)},
  pages = {7827–7838},
  numpages = {12},
  location = {Montr\'{e}al, Canada},
  series = {NIPS'18}
}




@inproceedings{1-79,
  author    = {Barret Zoph and
               Quoc V. Le},
  title     = {Neural architecture search with reinforcement learning},
  booktitle = {International Conference on Learning Representations (ICLR)},
  pages     = {1-16},
  publisher = {OpenReview.net},
  year      = {2017}
}


@inproceedings{1-80,
    title  = {Designing neural network architectures using reinforcement learning},
    author = {Bowen Baker and Otkrist Gupta and Nikhil Naik and Ramesh Raskar},
 booktitle = {International Conference on Learning Representations (ICLR)},
      year = {2017},
 publisher = {OpenReview.net},
     pages = {1-18}
}

@inproceedings{1-81,
  title={Learning transferable architectures for scalable image recognition},
  author={Zoph, Barret and Vasudevan, Vijay and Shlens, Jonathon and Le, Quoc V},
  booktitle={Proceedings of the IEEE Conference on Computer Vision and Pattern Recognition (CVPR)},
  pages={8697-8710},
  year={2018}
}


@inproceedings{1-82,
  title={Progressive differentiable architecture search: {B}ridging the depth gap between search and evaluation},
  author={Chen, Xin and Xie, Lingxi and Wu, Jun and Tian, Qi},
  booktitle={Proceedings of the IEEE/CVF International Conference on Computer Vision (ICCV)},
  pages={1294-1303},
  year={2019}
}

@article{1-83,
  title={{EEG}-based emotion recognition via neural architecture search},
  author={Li, Chang and Zhang, Zhongzhen and Song, Rencheng and Cheng, Juan and Liu, Yu and Chen, Xun},
  journal={IEEE Transactions on Affective Computing},
  number={01},
  pages={1-12},
  year={2021},
  note = {doi:{10.1109/TAFFC.2021.3130387}},
  publisher={IEEE Computer Society}
}

@article{1-84,
  title={{EEG}-based emotion recognition via transformer neural architecture search},
  author={Li, Chang and Zhang, Zhongzhen and Zhang, Xiaodong and Huang, Guoning and Liu, Yu and Chen, Xun},
  journal={IEEE Transactions on Industrial Informatics},
  number={01},
  pages={1-10},
  year={2022},
  note = {doi:{10.1109/TII.2022.3170422}},
  publisher={IEEE}
}

@ARTICLE{1-85,
  author={Du, Yipeng and Liu, Jian and Wang, Xiang and Wang, Peng},
  journal={IEEE Internet of Things Journal}, 
  title={{SSVEP} based emotion recognition for {I}o{T} via multiobjective neural architecture search}, 
  year={2022},
  volume={9},
  number={21},
  pages={21432-21443},
  doi={10.1109/JIOT.2022.3180215}}

@article{1-86,
  title={A novel sleep stage classification using {CNN} generated by an efficient neural architecture search with a new data processing trick},
  author={Xue, Yu and Yuan, Ziming and Slowik, Adam},
  journal={arXiv preprint arXiv:2110.15277},
  year={2021}
}

@inproceedings{1-88,
  title={Understanding and simplifying one-shot architecture search},
  author={Bender, Gabriel and Kindermans, Pieter-Jan and Zoph, Barret and Vasudevan, Vijay and Le, Quoc},
  booktitle={International Conference on Machine Learning (ICML)},
  pages={550-559},
  year={2018},
  organization={PMLR}
}
@article{1-89,
  title={Deep visual unsupervised domain adaptation for classification tasks: {A} survey},
  author={Madadi, Yeganeh and Seydi, Vahid and Nasrollahi, Kamal and Hosseini, Reshad and Moeslund, Thomas B},
  journal={IET Image Processing},
  volume={14},
  number={14},
  pages={3283-3299},
  year={2020},
  publisher={Wiley Online Library}
}

@article{1-90,
  title={A kernel two-sample test},
  author={Gretton, Arthur and Borgwardt, Karsten M and Rasch, Malte J and Sch{\"o}lkopf, Bernhard and Smola, Alexander},
  journal={The Journal of Machine Learning Research},
  volume={13},
  number={1},
  pages={723-773},
  year={2012},
  publisher={JMLR. org}
}

@inproceedings{1-91,
  title={Reusing the task-specific classifier as a discriminator: {D}iscriminator-free adversarial domain adaptation},
  author={Chen, Lin and Chen, Huaian and Wei, Zhixiang and Jin, Xin and Tan, Xiao and Jin, Yi and Chen, Enhong},
  booktitle={Proceedings of the IEEE/CVF Conference on Computer Vision and Pattern Recognition (CVPR)},
  pages={7181-7190},
  year={2022}
}

@inproceedings{1-92,
  title={Adagraph: {U}nifying predictive and continuous domain adaptation through graphs},
  author={Mancini, Massimiliano and Bulo, Samuel Rota and Caputo, Barbara and Ricci, Elisa},
  booktitle={Proceedings of the IEEE/CVF Conference on Computer Vision and Pattern Recognition (CVPR)},
  pages={6568-6577},
  year={2019}
}


@article{1-93,
  title={Cdtrans: {C}ross-domain transformer for unsupervised domain adaptation},
  author={Xu, Tongkun and Chen, Weihua and Wang, Pichao and Wang, Fan and Li, Hao and Jin, Rong},
  journal={arXiv preprint arXiv:2109.06165},
  year={2021}
}

@inproceedings{1-94,
  title={Attract or distract: {E}xploit the margin of open set},
  author={Feng, Qianyu and Kang, Guoliang and Fan, Hehe and Yang, Yi},
  booktitle={Proceedings of the IEEE/CVF International Conference on Computer Vision (ICCV)},
  pages={7990-7999},
  year={2019}
}

@article{1-95,
  title={Dynamic joint domain adaptation network for motor imagery classification},
  author={Hong, Xiaolin and Zheng, Qingqing and Liu, Luyan and Chen, Peiyin and Ma, Kai and Gao, Zhongke and Zheng, Yefeng},
  journal={IEEE Transactions on Neural Systems and Rehabilitation Engineering},
  volume={29},
  pages={556-565},
  year={2021},
  publisher={IEEE}
}

@article{1-96,
  title={Conditional adversarial domain adaptation neural network for motor imagery {EEG} decoding},
  author={Tang, Xingliang and Zhang, Xianrui},
  journal={Entropy},
  volume={22},
  number={1},
  pages={96},
  year={2020},
  publisher={MDPI}
}

@article{1-97,
  title={Manifold embedded knowledge transfer for brain-computer interfaces},
  author={Zhang, Wen and Wu, Dongrui},
  journal={IEEE Transactions on Neural Systems and Rehabilitation Engineering},
  volume={28},
  number={5},
  pages={1117-1127},
  year={2020},
  publisher={IEEE}
}

@article{1-98,
  title={Multi-source fusion domain adaptation using resting-state knowledge for motor imagery classification tasks},
  author={Zhu, Lei and Yang, Junting and Ding, Wangpan and Zhu, Jieping and Xu, Ping and Ying, Nanjiao and Zhang, Jianhai},
  journal={IEEE Sensors Journal},
  volume={21},
  number={19},
  pages={21772-21781},
  year={2021},
  publisher={IEEE}
}

@ARTICLE{1-99,
  author={Tang, Zhichuan and Yu, Hongnian and Lu, Chunfu and Liu, Pengcheng and Jin, Xuexue},
  journal={IEEE Access}, 
  title={Single-trial classification of different movements on one arm based on {ERD}/{ERS} and corticomuscular coherence}, 
  year={2019},
  volume={7},
  number={},
  pages={128185-128197},
  doi={10.1109/ACCESS.2019.2940034}}




@article{1-100,
  title={脑机接口技术及其在神经科学中的应用},
  author={巫嘉陵 and 高忠科},
  journal={中国现代神经疾病杂志},
  volume={21},
  number={1},
  pages={3--8},
  year={2021}
}

@article{1-101,
  title={脑机接口技术的发展与展望},
  author={于淑月 and 李想 and 于功敬 and 孙健 and 张忠海 and 成苈委},
  journal={计算机测量与控制},
  volume={27},
  number={10},
  pages={5--12},
  year={2019}
}

@article{1-102,
  title={基于认知脑区的脑-机接口技术及其在康复中的应用研究进展},
  author={周慧琳 and 徐佳琳 and 施长城 and 左国坤},
  journal={生物医学工程学杂志},
  volume={35},
  number={5},
  pages={6},
  year={2018},
}

@article{1-103,
  title={自适应脑机接口研究综述},
  author={肖晓琳 and 辛风然 and 梅杰 and 李昂 and 曹洪涛 and 徐舫舟 and 许敏鹏 and 明东},
  journal={电子与信息学报},
  volume={44},
  pages={1--9},
  year={2022},
  publisher={电子与信息学报}
}

@article{1-104,
  title={脑机接口技术与应用专题简介},
  author={陶虎},
  journal={中国科学：信息科学},
  number={052-005},
  year={2022},
  pages={934-934}
}